@online{TetrisWiki,
  author = {},
  title = {Tetris (NES, Nintendo)},
  note = {\url{https://tetris.wiki/Tetris_(NES,_Nintendo)}, zuletzt besucht 11.10.2021}
}


@online{Tetromino,
  author = {},
  title = {Tetromino},
  note = {\url{https://tetris.wiki/Tetromino}, zuletzt besucht 11.10.2021}
}

@online{CS1,
  author = {},
  title = {What is a color Space?},
  note = {\url{
https://www5.in.tum.de/lehre/vorlesungen/graphik/info/csc/COL_4.htm#topic3}, zuletzt besucht 11.10.2021}
}


@online{CS2,
  author = {},
  title = {HSL and HSV (Hue Saturation and Ligthness / Value},
  note = {\url{
https://www5.in.tum.de/lehre/vorlesungen/graphik/info/csc/COL_23.htm#topic22
}, zuletzt besucht 11.10.2021}
}

@online{picWiki,
  author = {},
  title = {},
  note = {\url{
  https://upload.wikimedia.org/wikipedia/commons/e/ea/HSV_cone.png
  }, zuletzt besucht 14.10.2021}
}

@online{delphigl,
  author = {},
  title = {},
  note = {\url{
  https://wiki.delphigl.com/index.php/Frustum
  }, zuletzt besucht 14.10.2021}
}
